<?xml version="1.0" encoding="UTF-8"?><collection xmlns="http://www.loc.gov/MARC21/slim"><record><leader>00621nam--2200193-i-4500</leader><controlfield tag="001">000015165</controlfield><controlfield tag="002">20161230</controlfield><controlfield tag="005">20161230201031</controlfield><controlfield tag="008">060222s1000------------r-----000-0-eng-d</controlfield><datafield ind1=" " ind2=" " tag="040"><subfield code="a">IFIN-HH</subfield></datafield><datafield ind1=" " ind2=" " tag="080"><subfield code="a">539.2</subfield></datafield><datafield ind1="1" ind2=" " tag="100"><subfield code="a">Seitz, Frederick</subfield></datafield><datafield ind1="1" ind2="0" tag="245"><subfield code="a">Solid state physics. advances in research and applications</subfield><subfield code="b">Vol. 23</subfield><subfield code="c">Frederick seitz, david turnbull, henry ehrenreich (eds.)</subfield></datafield><datafield ind1=" " ind2=" " tag="260"><subfield code="a">New York</subfield><subfield code="b">Academic Press</subfield><subfield code="c">1969</subfield></datafield><datafield ind1=" " ind2=" " tag="300"><subfield code="a">XV+517P</subfield></datafield><datafield ind1=" " ind2=" " tag="490"><subfield code="a">Solid State Physics. Advances In Research And Applications</subfield></datafield><datafield ind1="1" ind2=" " tag="700"><subfield code="a">Ehrenreich, Henry</subfield><subfield code="e">Ed</subfield></datafield><datafield ind1=" " ind2=" " tag="852"><subfield code="a">11711</subfield><subfield code="c">539.2</subfield></datafield><datafield ind1=" " ind2=" " tag="CAT"><subfield code="a">Sys</subfield><subfield code="c">20121002</subfield><subfield code="h">122424</subfield></datafield></record></collection>